@article{dexseq,
  title={Detecting differential usage of exons from RNA-seq data},
  author={Anders, Simon and Reyes, Alejandro and Huber, Wolfgang},
  journal={Nature Precedings},
  pages={1--1},
  year={2012},
  publisher={Nature Publishing Group}
}

@article{dexseq_2,
  title={Drift and conservation of differential exon usage across tissues in primate species},
  author={Reyes, Alejandro and Anders, Simon and Weatheritt, Robert J and Gibson, Toby J and Steinmetz, Lars M and Huber, Wolfgang},
  journal={Proceedings of the National Academy of Sciences},
  volume={110},
  number={38},
  pages={15377--15382},
  year={2013},
  publisher={National Acad Sciences}
}

@article{bioconductor,
  title={Bioconductor: open software development for computational biology and bioinformatics},
  author={Gentleman, Robert C and Carey, Vincent J and Bates, Douglas M and Bolstad, Ben and Dettling, Marcel and Dudoit, Sandrine and Ellis, Byron and Gautier, Laurent and Ge, Yongchao and Gentry, Jeff and others},
  journal={Genome biology},
  volume={5},
  number={10},
  pages={1--16},
  year={2004},
  publisher={Springer}
}

@article{star,
  title={STAR: ultrafast universal RNA-seq aligner},
  author={Dobin, Alexander and Davis, Carrie A and Schlesinger, Felix and Drenkow, Jorg and Zaleski, Chris and Jha, Sonali and Batut, Philippe and Chaisson, Mark and Gingeras, Thomas R},
  journal={Bioinformatics},
  volume={29},
  number={1},
  pages={15--21},
  year={2013},
  publisher={Oxford University Press}
}

@article{galaxy,
  title={The Galaxy platform for accessible, reproducible and collaborative biomedical analyses: 2022 update},
  author={Community, The Galaxy},
  journal={Nucleic Acids Research},
  volume={50},
  number={W1},
  pages={W345},
  year={2022},
  publisher={Oxford University Press}
}

@article{genome,
  title={The chromosome-scale reference genome of black pepper provides insight into piperine biosynthesis},
  author={Hu, Lisong and Xu, Zhongping and Wang, Maojun and Fan, Rui and Yuan, Daojun and Wu, Baoduo and Wu, Huasong and Qin, Xiaowei and Yan, Lin and Tan, Lehe and others},
  journal={Nature communications},
  volume={10},
  number={1},
  pages={1--11},
  year={2019},
  publisher={Nature Publishing Group}
}